@book{hellesoy2012,
  title={The Cucumber Book: Behaviour-Driven Development for Testers and Developers},
  author={Hellesoy, A. and Wynne, M.},
  isbn={9781934356807},
  series={Pragmatic Programmers},
  url={http://books.google.dk/books?id=oMswygAACAAJ},
  year={2012},
  publisher={O'Reilly Vlg. GmbH \& Company}
}
@article{leavens2006design,
  title={Design by Contract with JML},
  author={Leavens, G.T. and Cheon, Y.},
  journal={Draft, available from jmlspecs. org},
  year={2006}
}
